@misc{c11_spec,
	title={WG14 N1548 Committee Draft ISO/IEC 9899:201x},
	year={2010},
	publisher={International Standards Organization},
	note={[Online] Available: \url{http://www.open-std.org/jtc1/sc22/wg14/www/docs/n1548.pdf}. [Accessed: 24 Mar 2016]},
}

@misc{the_lexer_hack,
	title={The lexer hack},
	publisher={Wikimedia Foundation},
	note={[Online] Available: \url{https://en.wikipedia.org/wiki/The_lexer_hack}. [Accessed: 29 Mar 2016]},
}
